<record xmlns="http://www.loc.gov/MARC21/slim" xmlns:xsi="http://www.w3.org/2001/XMLSchema-instance" xsi:schemaLocation="http://www.loc.gov/MARC21/slim http://www.loc.gov/standards/marcxml/schema/MARC21slim.xsd"><leader>     nam a22        4500</leader><controlfield tag="001">3058978</controlfield><controlfield tag="003">NNC</controlfield><controlfield tag="006">m        d        </controlfield><controlfield tag="007">cr cn |||m|||a</controlfield><controlfield tag="008">150313s1959    ir      o     000 0 ara d</controlfield><datafield ind1=" " ind2=" " tag="040"><subfield code="a">NNU</subfield><subfield code="b">eng</subfield><subfield code="e">rda</subfield><subfield code="c">NNU</subfield></datafield><datafield ind1="0" ind2=" " tag="041"><subfield code="a">ara</subfield><subfield code="b">per</subfield></datafield><datafield ind1="1" ind2=" " tag="100"><subfield code="a">Ibn al-Murtad&#803;a&#769;, Ah&#803;mad ibn Yah&#803;ya&#769;,</subfield><subfield code="d">1363-1437.</subfield></datafield><datafield ind1="1" ind2="0" tag="245"><subfield code="a">Kita&#772;b al-milal wa al-nih&#803;al :</subfield><subfield code="b">min ajza&#772;&#700; Kita&#772;b al-bah&#803;r al-zakha&#772;r: al-ja&#772;mi&#700; li-madha&#772;hab &#699;ulama&#772;&#700; al-ams&#803;a&#772;r /</subfield><subfield code="c">li-Ah&#803;mad ibn Yah&#803;ya&#769; al-Murtad&#803;a&#769;; s&#803;ah&#803;h&#803;ah&#803;hu wa &#699;allaq h&#803;awa&#772;shi&#772;hu Muh&#803;ammad Java&#772;d Mashku&#772;r.</subfield></datafield><datafield ind1=" " ind2=" " tag="260"><subfield code="a">Tabri&#772;z :</subfield><subfield code="b">[publisher not identified],</subfield><subfield code="c">1959.</subfield></datafield><datafield ind1=" " ind2=" " tag="300"><subfield code="a">online resource (30 pages)</subfield></datafield><datafield ind1=" " ind2=" " tag="336"><subfield code="a">text</subfield><subfield code="2">rdacontent</subfield></datafield><datafield ind1=" " ind2=" " tag="337"><subfield code="a">computer</subfield><subfield code="2">rdamedia</subfield></datafield><datafield ind1=" " ind2=" " tag="338"><subfield code="a">online resource</subfield><subfield code="2">rdacarrier</subfield></datafield><datafield ind1=" " ind2=" " tag="500"><subfield code="a">Part of the Arabic Collections Online (ACO) project, contributed by Columbia University Libraries.</subfield></datafield><datafield ind1=" " ind2=" " tag="533"><subfield code="a">Electronic reproduction.</subfield><subfield code="b">New York, N.Y. :</subfield><subfield code="c">New York University,</subfield><subfield code="d">2015.</subfield><subfield code="5">NNU</subfield></datafield><datafield ind1=" " ind2=" " tag="546"><subfield code="a">Arabic text with introducton and footnotes in Persian.</subfield></datafield><datafield ind1=" " ind2="0" tag="650"><subfield code="a">Islamic sects</subfield><subfield code="v">Early works to 1800.</subfield></datafield><datafield ind1=" " ind2="7" tag="650"><subfield code="a">Islamic sects.</subfield><subfield code="2">fast</subfield><subfield code="0">(OCoLC)fst00980055</subfield></datafield><datafield ind1=" " ind2="7" tag="655"><subfield code="a">Early works.</subfield><subfield code="2">fast</subfield><subfield code="0">(OCoLC)fst01411636</subfield></datafield><datafield ind1="1" ind2=" " tag="700"><subfield code="a">Mashku&#772;r, Muh&#803;ammad Java&#772;d,</subfield><subfield code="e">editor.</subfield></datafield><datafield ind1="2" ind2=" " tag="710"><subfield code="a">Columbia University.</subfield><subfield code="b">Libraries.</subfield></datafield><datafield ind1="0" ind2=" " tag="730"><subfield code="a">Arabic Collections Online.</subfield></datafield><datafield ind1="0" ind2=" " tag="740"><subfield code="a">Kita&#772;b al-bah&#803;r al-zakha&#772;r.</subfield></datafield><datafield ind1="0" ind2="8" tag="776"><subfield code="i">Print version:</subfield><subfield code="a">Ibn al-Murtad&#803;a&#769;, Ah&#803;mad ibn Yah&#803;ya&#769;, 1363-1437.</subfield><subfield code="t">Kita&#772;b al-milal wa al-nih&#803;al</subfield><subfield code="w">(NNC)3058978</subfield><subfield code="w">(OCoLC)40236479</subfield></datafield><datafield ind1="4" ind2="0" tag="856"><subfield code="u">http://hdl.handle.net/2333.1/2bvq85n7</subfield></datafield><datafield ind1=" " ind2=" " tag="959"><subfield code="a">NNU</subfield><subfield code="b">WEB</subfield><subfield code="c">GENI</subfield><subfield code="t">0</subfield><subfield code="m">Electronic access</subfield><subfield code="s">01</subfield></datafield><datafield ind1=" " ind2=" " tag="999"><subfield code="i">NNC_3058978</subfield><subfield code="o">(OCoLC)ocm40236479 </subfield><subfield code="s">columbia_aco000551</subfield><subfield code="e">(ERROR-880)</subfield></datafield></record>